@article{OMalley1996,
	doi = {10.1016/s0896-6273(00)80246-9},
	url = {https://doi.org/10.1016/s0896-6273(00)80246-9},
	year = {1996},
	month = dec,
	publisher = {Elsevier {BV}},
	volume = {17},
	number = {6},
	pages = {1145--1155},
	author = {Donald M O{\textquotesingle}Malley and Yen-Hong Kao and Joseph R Fetcho},
	title = {Imaging the Functional Organization of Zebrafish Hindbrain Segments during Escape Behaviors},
	journal = {Neuron}
}

@article{Marquart2019,
  doi = {10.1371/journal.pbio.3000480},
  url = {https://doi.org/10.1371/journal.pbio.3000480},
  year = {2019},
  month = oct,
  publisher = {Public Library of Science ({PLoS})},
  volume = {17},
  number = {10},
  pages = {e3000480},
  author = {Gregory D. Marquart and Kathryn M. Tabor and Sadie A. Bergeron and Kevin L. Briggman and Harold A. Burgess},
  editor = {Tom Baden},
  title = {Prepontine non-giant neurons drive flexible escape behavior in zebrafish},
  journal = {{PLOS} Biology}
}

@article{Dunn2016,
	doi = {10.1016/j.neuron.2015.12.021},
	url = {https://doi.org/10.1016/j.neuron.2015.12.021},
	year = {2016},
	month = feb,
	publisher = {Elsevier {BV}},
	volume = {89},
	number = {3},
	pages = {613--628},
	author = {Timothy~W. Dunn and Christoph Gebhardt and Eva~A. Naumann and Clemens Riegler and Misha~B. Ahrens and Florian Engert and Filippo Del~Bene},
	title = {Neural Circuits Underlying Visually Evoked Escapes in Larval Zebrafish},
	journal = {Neuron}
}

% M-cell and homolog related to escape
% ------------------------------------------------------------------------
@article{Liu1999,
	doi = {10.1016/s0896-6273(00)80783-7},
	url = {https://doi.org/10.1016/s0896-6273(00)80783-7},
	year = {1999},
	month = jun,
	publisher = {Elsevier {BV}},
	volume = {23},
	number = {2},
	pages = {325--335},
	author = {Katharine S Liu and Joseph R Fetcho},
	title = {Laser Ablations Reveal Functional Relationships of Segmental Hindbrain Neurons in Zebrafish},
	journal = {Neuron}
}


@article{Bhattacharyya2017,
	doi = {10.1016/j.cub.2017.08.012},
	url = {https://doi.org/10.1016/j.cub.2017.08.012},
	year = {2017},
	month = sep,
	publisher = {Elsevier {BV}},
	volume = {27},
	number = {18},
	pages = {2751--2762.e6},
	author = {Kiran Bhattacharyya and David L. McLean and Malcolm A. MacIver},
	title = {Visual Threat Assessment and Reticulospinal Encoding of Calibrated Responses in Larval Zebrafish},
	journal = {Current Biology}
}

% Raphe generate internal states
% ------------------------------------------------------------------------


@article{Andalman2019,
	doi = {10.1016/j.cell.2019.02.037},
	url = {https://doi.org/10.1016/j.cell.2019.02.037},
	year = {2019},
	month = may,
	publisher = {Elsevier {BV}},
	volume = {177},
	number = {4},
	pages = {970--985.e20},
	author = {Aaron S. Andalman and Vanessa M. Burns and Matthew Lovett-Barron and Michael Broxton and Ben Poole and Samuel J. Yang and Logan Grosenick and Talia N. Lerner and Ritchie Chen and Tyler Benster and Philippe Mourrain and Marc Levoy and Kanaka Rajan and Karl Deisseroth},
	title = {Neuronal Dynamics Regulating Brain and Behavioral State Transitions},
	journal = {Cell}
}


@article{Marques2019,
	doi = {10.1038/s41586-019-1858-z},
	url = {https://doi.org/10.1038/s41586-019-1858-z},
	year = {2019},
	month = dec,
	publisher = {Springer Science and Business Media {LLC}},
	volume = {577},
	number = {7789},
	pages = {239--243},
	author = {Jo{\~{a}}o C. Marques and Meng Li and Diane Schaak and Drew N. Robson and Jennifer M. Li},
	title = {Internal state dynamics shape brainwide activity and foraging behaviour},
	journal = {Nature}
}

@article{Mu2021,
	year = {2021},
	month = dec,
	publisher = {Springer Science and Business Media {LLC}},
	volume = {178},
	pages = {27--43},
	author = {Yu Mu and Davis Bennet and Mikail Rubinov and Sujatha Naryan and Chao-Tsung Yang and Masashi Tanimoto and Brett Mensh and Loren Looger and Misha Ahrens},
	title = {Glia Accumulate Evidence that Actions Are Futile and Suppress Unsuccessful Behavior},
	journal = {Cell}
}

@article{Cheng2016,
	doi = {10.1038/srep20788},
	url = {https://doi.org/10.1038/srep20788},
	year = {2016},
	month = feb,
	publisher = {Springer Science and Business Media {LLC}},
	volume = {6},
	number = {1},
	author = {Ruey-Kuang Cheng and Seetha Krishnan and Suresh Jesuthasan},
	title = {Activation and inhibition of tph2 serotonergic neurons operate in tandem to influence larval zebrafish preference for light over darkness},
	journal = {Scientific Reports}
}

@article{Bhandiwad2021,
  doi = {10.1101/2021.09.02.458709},
  url = {https://doi.org/10.1101/2021.09.02.458709},
  year = {2021},
  month = sep,
  publisher = {Cold Spring Harbor Laboratory},
  author = {Ashwin A Bhandiwad and Nickolas Chu and Svetlana A Semenova and Harold A Burgess},
  title = {A cerebellar-prepontine circuit for tonic immobility triggered by inescapable threat}
}


@article{Chen_2013,
	doi = {10.1038/nature12354},
	url = {https://doi.org/10.1038%2Fnature12354},
	year = 2013,
	month = {jul},
	publisher = {Springer Science and Business Media {LLC}},
	volume = {499},
	number = {7458},
	pages = {295--300},
	author = {Tsai-Wen Chen and Trevor J. Wardill and Yi Sun and Stefan R. Pulver and Sabine L. Renninger and Amy Baohan and Eric R. Schreiter and Rex A. Kerr and Michael B. Orger and Vivek Jayaraman and Loren L. Looger and Karel Svoboda and Douglas S. Kim},
	title = {Ultrasensitive fluorescent proteins for imaging neuronal activity},
	journal = {Nature}
}

@article{Bouchard_2015,
	doi = {10.1038/nphoton.2014.323},
	url = {https://doi.org/10.1038%2Fnphoton.2014.323},
	year = 2015,
	month = {jan},
	publisher = {Springer Science and Business Media {LLC}},
	volume = {9},
	number = {2},
	pages = {113--119},
	author = {Matthew B. Bouchard and Venkatakaushik Voleti and C{\'{e}}sar S. Mendes and Clay Lacefield and Wesley B. Grueber and Richard S. Mann and Randy M. Bruno and Elizabeth M. C. Hillman},
	title = {Swept confocally-aligned planar excitation ({SCAPE}) microscopy for high-speed volumetric imaging of behaving organisms},
	journal = {Nature Photonics}
}

@article{Voleti_2019,
	doi = {10.1038/s41592-019-0579-4},
	url = {https://doi.org/10.1038%2Fs41592-019-0579-4},
	year = 2019,
	month = {sep},
	publisher = {Springer Science and Business Media {LLC}},
	volume = {16},
	number = {10},
	pages = {1054--1062},
	author = {Venkatakaushik Voleti and Kripa B. Patel and Wenze Li and Citlali Perez Campos and Srinidhi Bharadwaj and Hang Yu and Caitlin Ford and Malte J. Casper and Richard Wenwei Yan and Wenxuan Liang and Chentao Wen and Koutarou D. Kimura and Kimara L. Targoff and Elizabeth M. C. Hillman},
	title = {Real-time volumetric microscopy of in vivo dynamics and large-scale samples with {SCAPE} 2.0},
	journal = {Nature Methods}
}


@article{Yokogawa_2012,
	doi = {10.1038/s41586-019-1858-z},
	year = 2012,
	month = {sep},
	publisher = {Springer Science and Business Media {LLC}},
	volume = {32},
	number = {43},
	pages = {15205â€“-15215},
	author = {Yokogawa, T., Hannan, M. C., and Burgess, H. A.},
	title = {The dorsal raphe modulates sensory responsiveness during arousal in zebrafish},
	journal = {Journal Neuroscience}
}


@article{Nichols2017,
  doi = {10.1126/science.aam6851},
  url = {https://doi.org/10.1126/science.aam6851},
  year = {2017},
  month = jun,
  publisher = {American Association for the Advancement of Science ({AAAS})},
  volume = {356},
  number = {6344},
  author = {Annika L. A. Nichols and Tom{\'{a}}{\v{s}} Eichler and Richard Latham and Manuel Zimmer},
  title = {A global brain state underlies C. elegans sleep behavior},
  journal = {Science}
}

@article{Ahamed2019,
  doi = {10.1101/827535},
  url = {https://doi.org/10.1101/827535},
  year = {2019},
  month = nov,
  publisher = {Cold Spring Harbor Laboratory},
  author = {Tosif Ahamed and Antonio C. Costa and Greg J. Stephens},
  title = {Capturing the Continuous Complexity of Behavior in C. elegans}
}

@article{Bagi2022,
  doi = {10.1016/j.cub.2022.04.068},  
  url = {https://doi.org/10.1016/j.cub.2022.04.068},
  year = {2022},
  month = jun,
  publisher = {Elsevier {BV}},
  volume = {32},
  number = {12},
  pages = {2640--2653.e4},
  author = {Bence Bagi and Michael Brecht and Juan Ignacio Sanguinetti-Scheck},
  title = {Unsupervised discovery of behaviorally relevant brain states in rats playing hide-and-seek},
  journal = {Current Biology}
}

@article{Chen2018,
  doi = {10.1016/j.neuron.2018.09.042},
  url = {https://doi.org/10.1016/j.neuron.2018.09.042},
  year = {2018},
  month = nov,
  publisher = {Elsevier {BV}},
  volume = {100},
  number = {4},
  pages = {876--890.e5},
  author = {Xiuye Chen and Yu Mu and Yu Hu and Aaron T. Kuan and Maxim Nikitchenko and Owen Randlett and Alex B. Chen and Jeffery P. Gavornik and Haim Sompolinsky and Florian Engert and Misha B. Ahrens},
  title = {Brain-wide Organization of Neuronal Activity and Convergent Sensorimotor Transformations in Larval Zebrafish},
  journal = {Neuron}
}

@article{Yokogawa2012,
  doi = {10.1523/jneurosci.1019-12.2012},
  url = {https://doi.org/10.1523/jneurosci.1019-12.2012},
  year = {2012},
  month = oct,
  publisher = {Society for Neuroscience},
  volume = {32},
  number = {43},
  pages = {15205--15215},
  author = {T. Yokogawa and M. C. Hannan and H. A. Burgess},
  title = {The Dorsal Raphe Modulates Sensory Responsiveness during Arousal in Zebrafish},
  journal = {Journal of Neuroscience}
}
